@String{springer = {Springer}}
@String{lncs = {LNCS}}

%% polytope model

@ARTICLE{Feautrier91,
        AUTHOR             = {Paul Feautrier},
        JOURNAL            = {International Journal of Parallel Programming},
        NUMBER             = {1},
        PAGES              = {23-51},
        TITLE              = {Dataflow analysis of array and scalar references},
        VOLUME             = {20},
        YEAR               = {1991}
}

@ARTICLE{Feautrier92part1,
        AUTHOR             = {Paul Feautrier},
        JOURNAL            = {International Journal of Parallel Programming},
        MONTH              = oct,
        NUMBER             = {5},
        PAGES              = {313-348},
        TITLE              = {Some efficient solutions to the affine scheduling problem, part {I}, one-dimensional time},
        VOLUME             = {21},
        YEAR               = {1992}
}

@ARTICLE{Feautrier92part2,
        AUTHOR             = {Paul Feautrier},
        JOURNAL            = {International Journal of Parallel Programming},
        MONTH              = dec,
        NUMBER             = {6},
        PAGES              = {389-420},
        TITLE              = {Some efficient solutions to the affine scheduling problem, part {II}, multi-dimensional time},
        VOLUME             = {21},
        YEAR               = {1992}
}


%% Abstract Interpretation.

@InProceedings{cousot77,
  author =	 {P. Cousot and R. Cousot},
  title =	 {Abstract interpretation: A unified lattice model for
                  static analysis of programs by construction or
                  approximation of fixpoints},
  booktitle =	 {4th ACM Symposium on Principles of Programming
                  Languages (POPL'77)},
  pages =	 {238-252},
  address =	 {Los Angeles},
  month =	 jan,
  year =	 1977
}


@InProceedings{	  cousot78,
  author =	 {P. Cousot and N. Halbwachs},
  title =	 {Automatic discovery of linear restraints among
                  variables of a program},
  booktitle =	 {5th ACM Symposium on Principles of Programming
                  Languages (POPL'78)},
  address =	 {Tucson},
  pages =	 {84-96},
  month =	 jan,
  year =	 1978
}


@TechReport{	  halbwach79,
  author	= {N. Halbwachs},
  title		= {D\'{e}termination automatique de relations lin\'{e}aires
		  v\'{e}rifi\'{e}es par les variables d'un programme},
  type		= {{PhD} thesis},
  institution	= {Universit\'e de Grenoble},
  month		= mar,
  year		= 1979
}


%% Ameliorations LRA

@PHDTHESIS{gonnord:these,
  AUTHOR =	 {Laure Danthony-Gonnord},
  TITLE =	 {Acc\'el\'eration abstraite pour l'am\'elioration de
                  la pr\'ecision en Analyse des Relations Lin\'eaires},
  TYPE =	 {{PhD} thesis},
  SCHOOL =	 {Universit\'e Joseph Fourier, Grenoble},
  MONTH =	 oct,
  YEAR =	 2007
} 


@Misc{		  aspicurl,
  author	= {{ASPIC}},
  url		= {http://laure.gonnord.org/pro/aspic/aspic.html},
  note		= {},
		  
}



@InProceedings{halb-gonnord-sas06,
  author =	 {Laure Gonnord and Nicolas Halbwachs},
  title =	 {Combining widening and acceleration in linear
                  relation analysis},
  booktitle =	 {Static analysis (SAS)},
  zaddress =	 {Seoul},
  pages =	 {144--160},
  month =	 aug,
  series =	 lncs,
  volume =	 4134,
  publisher =	 springer,
  year =	 2006,
  DOI = {10.1007/11823230\_10},
  zURL = {http://hal.inria.fr/hal-00189614}
}


@article{gonnordschrammel:scp13,
 author = {Laure Gonnord and Peter Schrammel},
 title = {Abstract Acceleration in Linear relation Analysis},
 journal = {Science of Computer Programming},
 issue_date = {under press},
 year = {2013},
 publisher = {Elsevier},
 url = {http://dx.doi.org/10.1016/j.scico.2013.09.016}
}


@inproceedings{schrammel_verif:sas11,
  title = "Logico-Numerical Abstract Acceleration and Application to the Verification of Data-Flow Programs",
  author = "Peter Schrammel and Bertrand Jeannet",
  year = "2011",
  booktitle = "Static Analysis Symposium, SAS'11",
  pages = "233-248",
  publisher = "Springer",
  series = "Lecture Notes in Computer Science",
  volume = "6887",
}

%% WTC  RANK
@inproceedings{compsysTermination:sas2010,
    HAL_ID = {inria-00523298},
    URL = {http://hal.inria.fr/inria-00523298/en/},
    title = { {M}ulti-dimensional {R}ankings, {P}rogram {T}ermination, and {C}omplexity {B}ounds of {F}lowchart {P}rograms},
    author = {{A}lias, {C}hristophe and {D}arte, {A}lain and {F}eautrier, {P}aul and {G}onnord, {L}aure},
    booktitle = {{S}tatic {A}nalysis {S}ymposium },
    address = {{P}erpignan {F}rance },
    audience = {internationale },
    doi = {10.1007/978-3-642-15769-1 },
    year = {2010},
    URL = {http://hal.inria.fr/inria-00523298/PDF/rankingCompsys_sas2010.pdf},
}

@article{Fran:2003,
 author = {Franke, Bj\"{o}rn and O'Boyle, Michael},
 title = {Array recovery and high-level transformations for DSP applications},
 journal = {ACM Trans. Embed. Comput. Syst.},
 issue_date = {May 2003},
 volume = {2},
 number = {2},
 month = may,
 year = {2003},
 pages = {132--162},
 publisher = {ACM},
}


@ARTICLE{DarteVi97,
  AUTHOR =       {Alain Darte and Fr\'ed\'eric Vivien},
  JOURNAL =      {International Journal of Parallel Programming},
  MONTH =        dec,
  NUMBER =       {6},
  PAGES =        {447-496},
  TITLE =        {Optimal Fine and Medium Grain Parallelism Detection
                  in Polyhedral Reduced Dependence Graphs},
  VOLUME =       {25},
  YEAR =         {1997}
}


@INPROCEEDINGS{Hind:2001,
    author = {Michael Hind},
    title = {Pointer analysis: Haven't we solved this problem yet?},
    booktitle = { PASTE'01},
    year = {2001},
    pages = {54--61},
    publisher = {ACM Press}
}


@inproceedings{gulwanitermi08,
 author = {Cook, Byron and Gulwani, Sumit and Lev-Ami, Tal and Rybalchenko, Andrey and Sagiv, Mooly},
 title = {Proving Conditional Termination},
 booktitle = {Proceedings of the 20th international conference on Computer Aided Verification},
 series = {CAV '08},
 year = {2008},
 isbn = {978-3-540-70543-7},
 location = {Princeton, NJ, USA},
 pages = {328--340},
 numpages = {13},
 url = {http://dx.doi.org/10.1007/978-3-540-70545-1_32},
 doi = {10.1007/978-3-540-70545-1_32},
 acmid = {1427825},
 publisher = {Springer-Verlag},
 address = {Berlin, Heidelberg},
} 

@inproceedings{gonnord-halbwachs-sas06,
author={L. Gonnord and N. Halbwachs},
title={Combining widening and acceleration in linear relation analysis},
booktitle={13th International Static Analysis Symposium, SAS'06},
address={Seoul, Korea},
month=aug,
year=2006
}

@inproceedings{FeautrierGonnord:tapas10,
author = {Feautrier, Paul and Gonnord, Laure},
title = {Accelerated  {I}nvariant {G}eneration for {C} {P}rograms with {A}spic and {C}2fsm},
booktitle={Workshop on {T}ools for {A}utomatic {P}rogram {A}nalysi{S}, TAPAS'10},
address={Perpignan, France}, 
month=sep,
year=2010
}


@article{signalCSI_FGG12,
  AUTHOR = {Feautrier, Paul and Gamati{\'e}, Abdoulaye and Gonnord, Laure},
  TITLE = {{Enhancing the Compilation of Synchronous Dataflow Programs with a Combined Numerical-Boolean Abstraction}},
  JOURNAL = {{CSI Journal of Computing}},
  VOLUME = {1},
  NUMBER = {4},
  PAGES = {8:86--8:99},
  YEAR = {2012},
  NOTE = {RR version = http://hal.inria.fr/hal-00780521/en},
  URL = {http://hal.inria.fr/hal-00860785}
}



@inproceedings{signalLCTES_GG11,
 author = {Gamatie, Abdoulaye and Gonnord, Laure},
 title = {Static analysis of synchronous programs in signal for efficient design of multi-clocked embedded systems},
 booktitle = {Proceedings of the 2011 SIGPLAN/SIGBED conference on Languages, compilers and tools for embedded systems},
 series = {LCTES '11},
 year = {2011},
 isbn = {978-1-4503-0555-6},
 location = {Chicago, IL, USA},
 pages = {71--80},
 numpages = {10},
 url = {http://doi.acm.org/10.1145/1967677.1967688},
 doi = {http://doi.acm.org/10.1145/1967677.1967688},
 acmid = {1967688},
 publisher = {ACM},
 address = {New York, NY, USA},
 keywords = {abstract clocks, abstraction, compilation, embedded systems, static analysis, synchronous programming},
} 




@INPROCEEDINGS{surveysynchrone:benv, 
           Author = "A. Benveniste and P. Caspi and S. Edwards and N. Halbwachs and P. {Le Guernic} and R. {de Simone}",
           Title = {The Synchronous Languages Twelve Years Later.},
           BookTitle = {Special issue on Embedded Systems, IEEE},
           Pages = {},
           Month = {},
           Year = {2003}  
}




@inproceedings{Henry_Monniaux_Moy_SAS2012,
  author = {Julien Henry and David Monniaux and Matthieu Moy},
  title = {Succinct Representations for Abstract Interpretation},
  subtitle = {Combined Analysis Algorithms and Experimental Evaluation},
  booktitle = {Static analysis (SAS)},
  year = 2012,
  series = {Lecture Notes in Computer Science},
  volume = 7460,
  pages = {283--299},
  publisher = {Springer Verlag},
  eprint = {1206.4234},
  eprinttype = {arxiv},
  category = {intc},
  doi = {10.1007/978-3-642-33125-1_20},
  pdf = {http://www-verimag.imag.fr/~monniaux/biblio/Henry_Monniaux_Moy_SAS2012.pdf}
}


@inproceedings{raphael_cgo13,
  author = { Raphael Ernani Rodrigues and Victor Hugo Sperle Campos and Fernando Magno Quint\~{a}o Pereira},
 title = { A Fast and Low-Overhead Technique to Secure Programs again Integer Overflows},
 booktitle = { International Symposium on Code Generation and Optimization (CGO)},
year = 2013
}


@inproceedings{DBLP:conf/cav/BrockschmidtCF13,
  author    = {Marc Brockschmidt and
               Byron Cook and
               Carsten Fuhs},
  title     = {Better Termination Proving through Cooperation},
  booktitle = {Computer aided verification (CAV)},
  year      = {2013},
  pages     = {413-429},
  doi       = {10.1007/978-3-642-39799-8_28},
  crossref  = {DBLP:conf/cav/2013},
  bibsource = {DBLP, http://dblp.uni-trier.de}
}

@inproceedings{DBLP:conf/tacas/CookSZ13,
  author    = {Byron Cook and
               Abigail See and
               Florian Zuleger},
  title     = {Ramsey vs. Lexicographic Termination Proving},
  booktitle = {TACAS},
  year      = {2013},
  pages     = {47--61},
  doi       = {10.1007/978-3-642-36742-7_4},
  crossref  = {DBLP:conf/tacas/2013},
  bibsource = {DBLP, http://dblp.uni-trier.de}
}


@proceedings{DBLP:conf/tacas/2013,
  zeditor    = {Nir Piterman and
               Scott A. Smolka},
  title     = {Tools and Algorithms for the Construction and Analysis of
               Systems - 19th International Conference, TACAS 2013, Held
               as Part of the European Joint Conferences on Theory and
               Practice of Software, ETAPS 2013, Rome, Italy, March 16-24,
               2013. Proceedings},
  booktitle = {TACAS},
  publisher = springer,
  series    = lncs,
  volume    = {7795},
  year      = {2013},
  isbn      = {978-3-642-36741-0},
  doi       = {10.1007/978-3-642-36742-7},
  bibsource = {DBLP, http://dblp.uni-trier.de}
}


@proceedings{DBLP:conf/cav/2013,
  zeditor    = {Natasha Sharygina and
               Helmut Veith},
  title     = {Computer aided verification - 25th International Conference,
               CAV 2013, Saint Petersburg, Russia, July 13-19, 2013. Proceedings},
  booktitle = {Computer aided verification (CAV)},
  publisher = springer,
  series    = lncs,
  volume    = {8044},
  year      = {2013},
  isbn      = {978-3-642-39798-1},
  ee        = {http://dx.doi.org/10.1007/978-3-642-39799-8},
  bibsource = {DBLP, http://dblp.uni-trier.de}
}


@inproceedings{goubault:finiteprec_ai,
 author = {Goubault, Eric and Putot, Sylvie},
 title = {Static analysis of finite precision computations},
 booktitle = {Proceedings of the 12th international conference on Verification, model checking, and abstract interpretation},
 series = {VMCAI'11},
 year = {2011},
 isbn = {978-3-642-18274-7},
 location = {Austin, TX, USA},
 pages = {232--247},
 numpages = {16},
 url = {http://dl.acm.org/citation.cfm?id=1946284.1946301},
 acmid = {1946301},
 publisher = {Springer-Verlag},
 address = {Berlin, Heidelberg},
} 


@inproceedings{monniaux-gonnord-sas11,
author={David Monniaux and Laure Gonnord},
title={Using Bounded Model Checking to Focus Fixpoint Iterations},
booktitle={18th International Static Analysis Symposium (SAS'11)},
address={Venice, Italy},
month=sep,
year=2011
}

